
@InProceedings{DeepSiam:SiamFC,
  author       = {Luca Bertinetto and Jack Valmadre and João F. Henriques and Andrea Vedaldi and Philip H. S. Torr},
  title        = {{Fully-convolutional siamese networks for object tracking}},
  booktitle    = {European Conference on Computer Vision (ECCV)},
  year         = {2016},
};

@InProceedings{DeepSiam:Sort,
  author       = {Alex Bewley and Zongyuan Ge and Lionel Ott and Fabio Ramos and Ben Upcroft},
  title        = {{Simple online and realtime tracking}},
  booktitle    = {IEEE International Conference on Image Processing (ICIP)},
  year         = {2016},
  pages        = {3464–3468},
};

@InProceedings{DeepSiam:Tracktodetect,
  author       = {Christoph Feichtenhofer and Axel Pinz and Andrew Zisserman},
  title        = {{Detect to track and track to detect}},
  booktitle    = {International Conference on Computer Vision (ICCV)},
  year         = {2017},
};

@InProceedings{DeepSiam:FastRCNN,
  author       = {Ross B. Girshick},
  title        = {{Fast R-CNN}},
  booktitle    = {International Conference on Computer Vision (ICCV)},
  year         = {2015},
};

@InProceedings{DeepSiam:100fps,
  author       = {David Held and Sebastian Thrun and Silvio Savarese},
  title        = {{Learning to track at 100 FPS with deep regression networks}},
  booktitle    = {European Conference on Computer Vision (ECCV)},
  year         = {2016},
};

@InProceedings{DeepSiam:simmap,
  author       = {Minyoung Kim and Stefano Alletto and Luca Rigazio},
  title        = {{Similarity mapping with enhanced siamese network for multi-object tracking}},
  booktitle    = {Machine Learning for Intelligent Transportation Systems (MLITS)},
  year         = {2016},
};


@inproceedings{DeepSiam:kalman,
	title={Target Tracking with Kalman Filtering},
	author={Jonathan Kuck},
	year={2016},
	booktitle={ArXiv},
}

@InProceedings{DeepSiam:mobvid,
  author       = {Mason Liu and Menglong Zhu},
  title        = {{Mobile video object detection with temporally-aware feature maps}},
  booktitle    = {Conference on Computer Vision and Pattern Recognition (CVPR)},
  year         = {2018},
};

@InProceedings{DeepSiam:multitarget,
  author       = {Anton Milan and Seyed Hamid Rezatofighi and Anthony Dick and Ian Reid and Konrad Schindler},
  title        = {{Online multi-target tracking using recurrent neural networks}},
  booktitle    = {Conference on Artificial Intelligence, Association for the Advancement of Artificial Intelligence (AAAI)},
  year         = {2016},
};

@InProceedings{DeepSiam:deeptracking,
  author       = {Peter Ondruska and Ingmar Posner},
  title        = {{Deep tracking: Seeing beyond seeing using recurrent neural networks}},
  booktitle    = {Conference on Artificial Intelligence, Association for the Advancement of Artificial Intelligence (AAAI)},
  year         = {2016},
};

@InProceedings{DeepSiam:YOLO,
  author       = {Joseph Redmon and Santosh Divvala and Ross Girshick and Ali Farhadi},
  title        = {{You only look once: Unified, real-time object detection}},
  booktitle    = {Conference on Computer Vision and Pattern Recognition (CVPR)},
  year         = {2016},
};

@InProceedings{DeepSiam:FasterRCNN,
  author       = {Shaoqing Ren and Kaiming He and Ross B. Girshick and Jian Sun},
  title        = {{Faster R-CNN: towards real-time object detection with region proposal networks}},
  booktitle    = {IEEE Transactions on Pattern Analysis and Machine Intelligence},
  year         = {2015},
};

@InProceedings{DeepSiam:endrep,
  author       = {Jack Valmadre and Luca Bertinetto and Joao Henriques and Andrea Vedaldi and Philip H. S. Torr},
  title        = {{End-to-end representation learning for correlation filter based tracking}},
  booktitle    = {Conference on Computer Vision and Pattern Recognition (CVPR)},
  year         = {2017},
  pages        = {5000–5008},
};

@InProceedings{DeepSiam:siammask,
  author       = {Qiang Wang, Li Zhang and Luca Bertinetto and Weiming Hu and Philip H. S. Torr},
  title        = {{Fast online object tracking and segmentation: A unifying approach}},
  booktitle    = {Conference on Computer Vision and Pattern Recognition (CVPR)},
  year         = {2019},
};

@InProceedings{DeepSiam:deepSort,
  author       = {Nicolai Wojke and Alex Bewley and Dietrich Paulus},
  title        = {{Simple online and realtime tracking with a deep association metric}},
  booktitle    = {IEEE International Conference on Image Processing (ICIP)},
  year         = {2017},
};

@InProceedings{DeepSiam:learntotrack,
  author       = {Yu Xiang and Alexandre Alahi and Silvio Savarese},
  title        = {{Learning to track: Online multi-object tracking by decision making}},
  booktitle    = {International Conference on Computer Vision (ICCV)},
  year         = {2015},
  pages        = {4705–4713}
};

@article{DeepSiam:attention,
  author        = "Ji Zhu and Hua Yang and Nian Liu and Minyoung Kim and Wenjun Zhang and Ming-Hsuan Yang",
  title         = "Online multi-object tracking with dual matching attention networks",
  journal       = "Computer Vision – ECCV",
  volume        = "11209",
  year          = "2018",
  pages         = "379–396"
};

@InProceedings{DeepSiam:triangulation,
  author       = {Zengyi Qin and Jinglu Wang and Yan Lu},
  title        = {{Triangulation Learning Network: from Monocular to Stereo 3D Object Detection}},
  booktitle    = {Conference on Computer Vision and Pattern Recognition (CVPR)},
  year         = {2019},
};

@InProceedings{DeepSiam:perspective,
  author       = {Tom Bruls and HoriaPorav and Lars Kunze and Paul Newman},
  title        = {{The Right (Angled) Perspective: Improving the Understanding of Road Scenes Using Boosted Inverse Perspective Mapping}},
  booktitle    = {IEEE Intelligent Vehicles Symposium},
  year         = {2019},
};

@article{DeepSiam:hungarian,
  author    = {H. W. Kuhn},
  title     = {The Hungarian method for the assignment problem},
  journal   = {Naval Research Logistics (NRL)},
  year      = {1955},
};

@InProceedings{DeepSiam:multicontext,
  author       = {Henrique Morimitsu},
  title        = {{Multiple Context Features in Siamese Networks for Visual Object Tracking}},
  booktitle    = {European Conference on Computer Vision (ECCV)},
  year         = {2018},
};

@article{DeepSiam:LSTM,
  author        = "Hochreiter S. and Schmidhuber J.",
  title         = "Long Short-Term Memory",
  journal       = "Neural Comput.",
  volume        = "9",
  number        = "8",
  year          = "1997",
  pages         = "1735-1780"
};

@InProceedings{DeepSiam:fastandfurious,
  author       = {Wenjie Luo and Bin Yang and Raquel Urtasun},
  title        = {{Fast and Furious: Real Time End-to-End 3D Detection, Tracking and Motion Forecasting with a Single Convolutional Net}},
  booktitle    = {Conference on Computer Vision and Pattern Recognition (CVPR)},
  year         = {2018},
};

@article{DeepSiam:MilanL0RS16,
  author    = {Anton Milan and
               Laura Leal{-}Taix{\'{e}} and
               Ian D. Reid and
               Stefan Roth and
               Konrad Schindler},
  title     = {{MOT16:} {A} Benchmark for Multi-Object Tracking},
  journal   = {CoRR},
  volume    = {abs/1603.00831},
  year      = {2016},
  url       = {http://arxiv.org/abs/1603.00831},
  archivePrefix = {arXiv},
  eprint    = {1603.00831},
  timestamp = {Mon, 13 Aug 2018 16:47:32 +0200},
  biburl    = {https://dblp.org/rec/bib/journals/corr/MilanL0RS16},
  bibsource = {dblp computer science bibliography, https://dblp.org}
};

@InProceedings{DeepSiam:KITTI,
  author       = {A. Geiger and P. Lenz and R. Urtasun},
  title        = {{Are we ready for autonomous driving? the kitti vision benchmark suite}},
  booktitle    = {Conference on Computer Vision and Pattern Recognition (CVPR)},
  year         = {2012},
};

@InProceedings{DeepSiam:geometry,
  author       = {Arsalan Mousavian, Dragomir Anguelov, John Flynn},
  title        = {{3D Bounding Box Estimation Using Deep Learning and Geometry}},
  booktitle    = {Conference on Computer Vision and Pattern Recognition (CVPR)},
  year         = {2017},
};


@InProceedings{Anurag17,
	author       = {Anurag Arnab and Philip H.S Torr},
	title        = {{Pixelwise Instance Segmentation with a Dynamically Instantiated Network}},
	booktitle    = {CVPR},
	year         = {2017},
}


@InProceedings{densecrf,
	author       = {P. Kr\"ahenb\"uhl and V. Koltun},
	title        = {{Efficient Inference in Fully Connected CRFs with Gaussian Edge Potentials}},
	booktitle    = {NIPS},
	year         = {2011},
}


@InProceedings{densecrf_suppl,
	author       = {P. Kr\"ahenb\"uhl and V. Koltun},
	title        = {{Efficient Inference in Fully Connected CRFs with Gaussian Edge Potentials - Supplementary Material}},
	booktitle    = {NIPS},
	year         = {2011},
} 

@InProceedings{Zhen_ICCV15_CRFRNN,
	author = {S. Zheng and S. Jayasumana and B. Romera-Paredes and V. Vineet and Z. Su and D. Du and C. Huang and P.H.S. Torr},
	title = {{Conditional Random Fields as Recurrent Neural Networks}},
	booktitle = {ICCV},
	year = {2015},
}

@ARTICLE{Bengio_2013_rep_learning, 
	author={Y. {Bengio} and A. {Courville} and P. {Vincent}}, 
	journal={PAMI}, 
	title={{Representation Learning: A Review and New Perspectives}}, 
	year={2013}
}

@INPROCEEDINGS{FCN_2015, 
	author={J. {Long} and E. {Shelhamer} and T. {Darrell}}, 
	booktitle={CVPR}, 
	title={{Fully Convolutional Networks for Semantic Segmentation}}, 
	year={2015},
}

@ARTICLE{Deeplab_pami, 
	author={L. {Chen} and G. {Papandreou} and I. {Kokkinos} and K. {Murphy} and A. L. {Yuille}}, 
	journal={PAMI}, 
	title={{DeepLab: Semantic Image Segmentation with Deep Convolutional Nets, Atrous Convolution, and Fully Connected CRFs}}, 
	year={2018}, 
}

@InProceedings{Arnab_arxiv2015,
	author = {A. Arnab and S. Jayasumana and S. Zheng and P.H.S. Torr},
	title = {{Higher Order Conditional Random Fields in Deep Neural Networks}},
	booktitle = {{ECCV}},
	year = {2016},
}

@InProceedings{panoptickirillov2017,
	title={Panoptic Segmentation},
	author={Alexander Kirillov and Kaiming He and Ross B. Girshick and Carsten Rother and Piotr Doll{\'a}r},
	booktitle={{CVPR}},
	year={2019}    
}


@ARTICLE{fcn_pami2017,
	author={E. {Shelhamer} and J. {Long} and T. {Darrell}},
	journal={IEEE TPAMI},
	title={{Fully Convolutional Networks for Semantic Segmentation}},
	year={2017},
}


@INPROCEEDINGS{mask_rcnn,
	author={K. {He} and G. {Gkioxari} and P. {Dollár} and R. {Girshick}},
	booktitle={ICCV},
	title={Mask R-CNN},
	year={2017},
}

@INPROCEEDINGS{dialated_conv,
	author={Fisher Yu and Vladlen Koltun},
	booktitle={ICLR},
	title={{Multi-Scale Context Aggregation by Dilated Convolutions}},
	year={2016},
}

@inproceedings{li_eccv_2018,
	author = {Qizhu Li and Anurag Arnab and Philip H. S. Torr},
	title = {Weakly- and Semi-Supervised Panoptic Segmentation},
	booktitle = {European Conference on Computer Vision (ECCV)},
	year = {2018}
}

@inproceedings{arnab_eccv_2016,
	author = {Anurag Arnab and Sadeep Jayasumana and Shuai Zheng and Philip H. S. Torr},
	title = {Higher Order Conditional Random Fields in Deep Neural Networks},
	booktitle = {European Conference on Computer Vision (ECCV)},
	year = {2016}
}

@book{Koller_book,
	author = {{Koller, Daphne and Friedman, Nir}},
	title = {{Probabilistic Graphical Models: Principles and Techniques - Adaptive Computation and Machine Learning}},
	year = {2009},
	publisher = {The MIT Press},
} 

@InProceedings{Upsnet_paper,
	author = {Xiong, Yuwen and Liao, Renjie and Zhao, Hengshuang and Hu, Rui and Bai, Min and Yumer, Ersin and Urtasun, Raquel},
	title = {UPSNet: A Unified Panoptic Segmentation Network},
	booktitle = {The IEEE Conference on Computer Vision and Pattern Recognition (CVPR)},
	month = {June},
	year = {2019}
}

@InProceedings{semantic01,
	author={Shotton, Jamie and Winn, John and Rother, Carsten and Criminisi, Antonio},
	title= {TextonBoost: Joint Appearance, Shape and Context Modeling for Multi-class Object Recognition and Segmentation},
	booktitle= {European Conference on Computer Vision (ECCV)},
	year={2006},
}

@article{semantic02,
	author = {Liu, Ce and Yuen, Jenny and Torralba, Antonio},
	journal = {IEEE Trans. Pattern Anal. Mach. Intell.},
	pages = {978-994},
	title = {SIFT Flow: Dense Correspondence across Scenes and Its Applications.},
	volume = {33},
	year = {2011}
}

@article{pasvalVOC2014,
	title={The Pascal Visual Object Classes Challenge: A Retrospective},
	author={Mark Everingham and S. M. Ali Eslami and Luc Van Gool and Christopher K. I. Williams and John M. Winn and Andrew Zisserman},
	journal={International Journal of Computer Vision},
	year={2014},
	volume={111},
	pages={98-136}
}

@inproceedings{semantic03,
	author = {Mottaghi, Roozbeh and Chen, Xianjie and Liu, Xiaobai and Cho, Nam-Gyu and Lee, Seong-Whan and Fidler, Sanja and Urtasun, Raquel and Yuille, Alan},
	title = {The Role of Context for Object Detection and Semantic Segmentation in the Wild},
	booktitle = {Proceedings of the 2014 IEEE Conference on Computer Vision and Pattern Recognition},
	series = {CVPR '14},
	year = {2014},
	pages = {891--898},
	numpages = {8},
} 

@inproceedings{scaleAwareSemantic,
	author = {Chen, Liang-Chieh and Yang, Yi and Wang, Jiang and Xu, Wei and Yuille, Alan},
	year = {2016},
	month = {06},
	pages = {3640-3649},
	title = {Attention to Scale: Scale-Aware Semantic Image Segmentation},
	booktitle = {CVPR},
	doi = {10.1109/CVPR.2016.396}
}


@article{Chen2014SemanticIS,
	title={Semantic Image Segmentation with Deep Convolutional Nets and Fully Connected CRFs},
	author={Liang-Chieh Chen and George Papandreou and Iasonas Kokkinos and Kevin Murphy and Alan L. Yuille},
	journal={CoRR},
	year={2014},
	volume={abs/1412.7062}
}

@InProceedings{Liu_2015_ICCV,
	author = {Liu, Ziwei and Li, Xiaoxiao and Luo, Ping and Loy, Chen-Change and Tang, Xiaoou},
	title = {Semantic Image Segmentation via Deep Parsing Network},
	booktitle = {The IEEE International Conference on Computer Vision (ICCV)},
	month = {December},
	year = {2015}
}

@article{Chen2017RethinkingAC,
	title={Rethinking Atrous Convolution for Semantic Image Segmentation},
	author={Liang-Chieh Chen and George Papandreou and Florian Schroff and Hartwig Adam},
	journal={ArXiv},
	year={2017},
	volume={abs/1706.05587}
}

@article{Zhao2016PyramidSP,
	title={Pyramid Scene Parsing Network},
	author={Hengshuang Zhao and Jianping Shi and Xiaojuan Qi and Xiaogang Wang and Jiaya Jia},
	journal={2017 IEEE Conference on Computer Vision and Pattern Recognition (CVPR)},
	year={2016},
	pages={6230-6239}
}


@article{multiScaleInstance,
	author = {Hariharan, Bharath and Arbelaez, Pablo and Girshick, Ross and Malik, Jitendra},
	year = {2014},
	month = {11},
	pages = {},
	title = {Hypercolumns for Object Segmentation and Fine-grained Localization}
}


@article{Yu2017DilatedRN,
	title={Dilated Residual Networks},
	author={Fisher Yu and Vladlen Koltun and Thomas A. Funkhouser},
	journal={2017 IEEE Conference on Computer Vision and Pattern Recognition (CVPR)},
	year={2017},
	pages={636-644}
}

@article{Badrinarayanan2017SegNetAD,
	title={SegNet: A Deep Convolutional Encoder-Decoder Architecture for Image Segmentation},
	author={Vijay Badrinarayanan and Alex Kendall and Roberto Cipolla},
	journal={IEEE Transactions on Pattern Analysis and Machine Intelligence},
	year={2017},
	volume={39},
	pages={2481-2495}
}


@inproceedings{refine_net,
	author = {Lin, Guosheng and Milan, Anton and Shen, Chunhua and Reid, Ian},
	year = {2017},
	month = {07},
	pages = {5168-5177},
	title = {RefineNet: Multi-path Refinement Networks for High-Resolution Semantic Segmentation},
	booktitle = {CVPR},
	doi = {10.1109/CVPR.2017.549}
}


@inproceedings{instanceCRF01,
	title={An Exemplar-Based CRF for Multi-instance Object Segmentation},
	author={Xuming He and Stephen Gould},
	journal={2014 IEEE Conference on Computer Vision and Pattern Recognition},
	year={2014},
	pages={296-303},
	booktitle = {CVPR}
}

@inproceedings{instanceCRF02,
	author = {Tighe, Joseph and Niethammer, Marc and Lazebnik, Svetlana},
	year = {2014},
	month = {09},
	pages = {3748-3755},
	title = {Scene Parsing with Object Instances and Occlusion Ordering},
	booktitle = {IEEE Conference on Computer Vision and Pattern Recognition},
	doi = {10.1109/CVPR.2014.479}
}


@article{SelectiveSearch,
	title={Selective Search for Object Recognition},
	author={Jasper R. R. Uijlings and Kea van de Sande and Theo Gevers and Arnold W. M. Smeulders},
	journal={International Journal of Computer Vision},
	year={2013},
	volume={104},
	pages={154-171}
}


@article{earlyInstance01,
	title={Convolutional feature masking for joint object and stuff segmentation},
	author={Jifeng Dai and Kaiming He and Jian Sun},
	journal={2015 IEEE Conference on Computer Vision and Pattern Recognition (CVPR)},
	year={2015},
	pages={3992-4000}
}


@inproceedings{instanceFCN,
	author = {Dai, Jifeng and He, Kaiming and Li, Yi and Ren, Shaoqing and Sun, Jian},
	year = {2016},
	month = {10},
	title = {Instance-Sensitive Fully Convolutional Networks},
	booktitle = {ECCV}
}


@InProceedings{earlyInstance02,
	author = {Hariharan, Bharath	and Arbel{\'a}ez, Pablo	and Girshick, Ross	and Malik, Jitendra},
	title = {Simultaneous Detection and Segmentation},
	booktitle = {ECCV},
	year = {2014},
	
}

@inproceedings{instance_attention,
	title={End-to-end instance segmentation with recurrent attention},
	author={Ren, Mengye and Zemel, Richard S},
	booktitle={Proceedings of the IEEE Conference on Computer Vision and Pattern Recognition},
	pages={6656--6664},
	year={2017}
}

@incollection{faster_rcnn,
	title = {Faster R-CNN: Towards Real-Time Object Detection with Region Proposal Networks},
	author = {Ren, Shaoqing and He, Kaiming and Girshick, Ross and Sun, Jian},
	booktitle = {Advances in Neural Information Processing Systems 28},
	editor = {C. Cortes and N. D. Lawrence and D. D. Lee and M. Sugiyama and R. Garnett},
	pages = {91--99},
	year = {2015},
	publisher = {Curran Associates, Inc.},
}

@inproceedings{ssd_paper,
	title={SSD: Single Shot MultiBox Detector},
	author={Wei Liu and Dragomir Anguelov and Dumitru Erhan and Christian Szegedy and Scott E. Reed and Cheng-Yang Fu and Alexander C. Berg},
	booktitle={ECCV},
	year={2016}
}


@inproceedings{instanceFCN01,
	title={Fully Convolutional Instance-Aware Semantic Segmentation},
	author={Yi Li and Haozhi Qi and Jifeng Dai and Xiangyang Ji and Yichen Wei},
	booktitle={IEEE Conference on Computer Vision and Pattern Recognition (CVPR)},
	year={2016},
	pages={4438-4446}
}

@article{instance_path,
	title={Path Aggregation Network for Instance Segmentation},
	author={Shu Liu and Lu Qi and Haifang Qin and Jianping Shi and Jiaya Jia},
	journal={2018 IEEE/CVF Conference on Computer Vision and Pattern Recognition},
	year={2018},
	pages={8759-8768}
}

@article{early_instance_seg,
	title={Layered Object Models for Image Segmentation},
	author={Yi Yang and Sam Hallman and Deva Ramanan and Charless C. Fowlkes},
	journal={IEEE Transactions on Pattern Analysis and Machine Intelligence},
	year={2012},
	volume={34},
	pages={1731-1743}
}


@article{DPM,
	author = {Felzenszwalb, Pedro F. and Girshick, Ross B. and McAllester, David A. and Ramanan, Deva},
	journal = {IEEE Trans. Pattern Anal. Mach. Intell.},
	number = 9,
	pages = {1627-1645},
	title = {Object Detection with Discriminatively Trained Part-Based Models.},
	volume = 32,
	year = 2010
}


@article{panoptic_DeeperLab,
	title={DeeperLab: Single-Shot Image Parser},
	author={Tien-Ju Yang and Maxwell D. Collins and Yukun Zhu and Jyh-Jing Hwang and Ting Liu and Xiao Zhang and Vivienne Sze and George Papandreou and Liang-Chieh Chen},
	journal={ArXiv},
	year={2019},
	volume={abs/1902.05093}
}

@article{panoptic_SSAP,
	author = {Gao, Naiyu and Shan, Yanhu and Wang, Yupei and Zhao, Xin and Yu, Yinan and Yang, Ming and Huang, Kaiqi},
	year = {2019},
	month = {09},
	pages = {},
	journal={ArXiv},
	title = {SSAP: Single-Shot Instance Segmentation With Affinity Pyramid}
}

@InProceedings{panoptic_spatial_ranking,
	author = {Liu, Huanyu and Peng, Chao and Yu, Changqian and Wang, Jingbo and Liu, Xu and Yu, Gang and Jiang, Wei},
	title = {An End-To-End Network for Panoptic Segmentation},
	booktitle = {The IEEE Conference on Computer Vision and Pattern Recognition (CVPR)},
	month = {June},
	year = {2019}
}


@InProceedings{panoptics_fpn,
	author = {Kirillov, Alexander and Girshick, Ross and He, Kaiming and Dollar, Piotr},
	title = {Panoptic Feature Pyramid Networks},
	booktitle = {The IEEE Conference on Computer Vision and Pattern Recognition (CVPR)},
	month = {June},
	year = {2019}
}

@InProceedings{panoptic_attention,
	author = {Li, Yanwei and Chen, Xinze and Zhu, Zheng and Xie, Lingxi and Huang, Guan and Du, Dalong and Wang, Xingang},
	title = {Attention-Guided Unified Network for Panoptic Segmentation},
	booktitle = {The IEEE Conference on Computer Vision and Pattern Recognition (CVPR)},
	month = {June},
	year = {2019}
}


@InProceedings{panoptic_scene,
	author = {Porzi, Lorenzo and Rota Bul\`o, Samuel and Colovic, Aleksander and Kontschieder, Peter},
	title = {Seamless Scene Segmentation},
	booktitle = {The IEEE Conference on Computer Vision and Pattern Recognition (CVPR)},
	month = {June},
	year = {2019}
}


@inproceedings{FPN_paper,
	title={Panoptic Feature Pyramid Networks},
	author={Alexander Kirillov and Ross B. Girshick and Kaiming He and Piotr Doll{\'a}r},
	booktitle={CVPR},
	year={2019}
}

@InProceedings{Higherorder_mf,
	author = {Vibhav Vineet, Jonathan Warrell, Philip H.S. Torr},
	title = {{Filter-based Mean-Field Inference for Random Fields with Higher-Order Terms and Product Label-Spaces}},
	booktitle = {ECCV},
	year = {2012}
}

@article{object_detection_api,
	title={Speed/Accuracy Trade-Offs for Modern Convolutional Object Detectors},
	author={Jonathan Huang and Vivek Rathod and Chen Sun and Menglong Zhu and Anoop Korattikara Balan and Alireza Fathi and Ian Fischer and Zbigniew Wojna and Yang Song and Sergio Guadarrama and Kevin Murphy},
	journal={2017 IEEE Conference on Computer Vision and Pattern Recognition (CVPR)},
	year={2016},
	pages={3296-3297}
}

@article{deeperLab,
	title={DeeperLab: Single-Shot Image Parser},
	author={Tien-Ju Yang and Maxwell D. Collins and Yukun Zhu and Jyh-Jing Hwang and Ting Liu and Xiao Zhang and Vivienne Sze and George Papandreou and Liang-Chieh Chen},
	journal={ArXiv},
	year={2019},
	volume={abs/1902.05093}
}

@article{russel,
	author = {Oh, Songhwai and Russell, Stuart and Sastry, Shankar},
	year = {2009},
	month = {04},
	pages = {481 - 497},
	title = {Markov Chain Monte Carlo Data Association for Multi-Target Tracking},
	volume = {54},
	journal = {Automatic Control, IEEE Transactions on},
	doi = {10.1109/TAC.2009.2012975}
}